@misc{fhwa2022nhts,
  author = {{Federal Highway Administration}},
  title = {{2022 NextGen National Household Travel Survey Core Data}},
  howpublished = {Available online},
  year = {2022},
  organization = {{U.S. Department of Transportation}},
  address = {Washington, DC},
  url = {http://nhts.ornl.gov}
}