@misc{fhwa2022nhts,
  author = {{Federal Highway Administration}},
  title = {{2022 NextGen National Household Travel Survey Core Data}},
  howpublished = {Available online},
  year = {2022},
  organization = {{U.S. Department of Transportation}},
  address = {Washington, DC},
  url = {http://nhts.ornl.gov}
}

@misc{nhtsfaq,
  title = {{2022 NHTS Frequently Asked Questions}},
  journal = {{National Household Travel Survey}},
  author = {{Federal Highway Administration}},
  organization = {{U.S. Department of Transportation}},
  howpublished = {Available online},
  year = {2022},
  publisher = {{Federal Highway Administration}},
  url = {https://nhts.ornl.gov/faq}
}